@article{wu2015fast,
  title={Fast dimension reduction and integrative clustering of multi-omics data using low-rank approximation: {A}pplication to cancer molecular classification},
  author={Wu, Dingming and Wang, Dongfang and Zhang, Michael Q and Gu, Jin},
  journal={BMC Genomics},
  volume={16},
  number={1},
  pages={1022},
  year={2015},
  publisher={BioMed Central}
}

@article{mo2013pattern,
  title={Pattern discovery and cancer gene identification in integrated cancer genomic data},
  author={Mo, Qianxing and Wang, Sijian and Seshan, Venkatraman E and Olshen, Adam B and Schultz, Nikolaus and Sander, Chris and Powers, R Scott and Ladanyi, Marc and Shen, Ronglai},
  journal={Proceedings of the National Academy of Sciences},
  volume={110},
  number={11},
  pages={4245--4250},
  year={2013},
  publisher={National Acad Sciences}
}

@article{van2009structured,
  title={A structured overview of simultaneous component based data integration},
  author={Van Deun, Katrijn and Smilde, Age K and van der Werf, Mari{\"e}t J and Kiers, Henk A L and Van Mechelen, Iven},
  journal={BMC Bioinformatics},
  volume={10},
  number={1},
  pages={246},
  year={2009},
  publisher={BioMed Central}
}

@article{cancer2008comprehensive,
  title={Comprehensive genomic characterization defines human glioblastoma genes and core pathways},
  author={Cancer Genome Atlas (TCGA) Research Network and others},
  journal={Nature},
  volume={455},
  number={7216},
  pages={1061},
  year={2008},
  publisher={NIH Public Access}
}

@article{iorio2016landscape,
  title={A landscape of pharmacogenomic interactions in cancer},
  author={Iorio, Francesco and Knijnenburg, Theo A and Vis, Daniel J and Bignell, Graham R and Menden, Michael P and Schubert, Michael and Aben, Nanne and Gon{\c{c}}alves, Emanuel and Barthorpe, Syd and Lightfoot, Howard and others},
  journal={Cell},
  volume={166},
  number={3},
  pages={740--754},
  year={2016},
  publisher={Elsevier}
}

@article{van2009integrating,
  title={Integrating functional genomics data using maximum likelihood based simultaneous component analysis},
  author={van den Berg, Robert A and Van Mechelen, Iven and Wilderjans, Tom F and Van Deun, Katrijn and Kiers, Henk A L and Smilde, Age K},
  journal={BMC Bioinformatics},
  volume={10},
  number={1},
  pages={340},
  year={2009},
  publisher={BioMed Central}
}

@inproceedings{schein2003generalized,
  title={A generalized linear model for principal component analysis of binary data.},
  author={Schein, Andrew I and Saul, Lawrence K and Ungar, Lyle H},
  booktitle={AISTATS},
  volume={3},
  number={9},
  pages={10},
  year={2003}
}

@article{tipping1999probabilistic,
  title={Probabilistic principal component analysis},
  author={Tipping, Michael E and Bishop, Christopher M},
  journal={Journal of the Royal Statistical Society: Series B (Statistical Methodology)},
  volume={61},
  number={3},
  pages={611--622},
  year={1999},
  publisher={Wiley Online Library}
}

@article{hunter2004tutorial,
  title={A tutorial on {MM} algorithms},
  author={Hunter, David R and Lange, Kenneth},
  journal={The American Statistician},
  volume={58},
  number={1},
  pages={30--37},
  year={2004},
  publisher={Taylor \& Francis}
}

@article{young1980quantifying,
  title={Quantifying qualitative data},
  author={Young, Forrest W and de Leeuw, Jan and Takane, Yoshio},
  journal={Lantermann and H. Feger (Eds.): Similarity and Choice. Papers in Honour of Clyde Coombs. Berne: Hans Huber},
  year={1980}
}

@article{hansen1993use,
  title={The use of the L-curve in the regularization of discrete ill-posed problems},
  author={Hansen, Per Christian and Oâ€™Leary, Dianne Prost},
  journal={SIAM Journal on Scientific Computing},
  volume={14},
  number={6},
  pages={1487--1503},
  year={1993},
  publisher={SIAM}
}
@article{hansen2007adaptive,
  title={An adaptive pruning algorithm for the discrete L-curve criterion},
  author={Hansen, Per Christian and Jensen, Toke Koldborg and Rodriguez, Giuseppe},
  journal={Journal of Computational and Applied mathematics},
  volume={198},
  number={2},
  pages={483--492},
  year={2007},
  publisher={Elsevier}
}

@book{Murphy:2012:MLP:2380985,
 author = {Murphy, Kevin P.},
 title = {Machine Learning: A Probabilistic Perspective},
 year = {2012},
 isbn = {0262018020, 9780262018029},
 publisher = {The MIT Press},
} 

@article{davenport20141,
  title={1-{B}it matrix completion},
  author={Davenport, Mark A and Plan, Yaniv and Van Den Berg, Ewout and Wootters, Mary},
  journal={Information and Inference: {A} Journal of the IMA},
  volume={3},
  number={3},
  pages={189--223},
  year={2014},
  publisher={Oxford University Press}
}

@inproceedings{bhaskar20151,
  title={1-bit matrix completion under exact low-rank constraint},
  author={Bhaskar, Sonia A and Javanmard, Adel},
  booktitle={Information Sciences and Systems (CISS), 2015 49th Annual Conference on},
  pages={1--6},
  year={2015},
  organization={IEEE}
}

@article{frasso2015and,
  title={L-and V-curves for optimal smoothing},
  author={Frasso, Gianluca and Eilers, Paul HC},
  journal={Statistical Modelling},
  volume={15},
  number={1},
  pages={91--111},
  year={2015},
  publisher={Sage Publications Sage India: New Delhi, India}
}

@article{kiers1997weighted,
  title={Weighted least squares fitting using ordinary least squares algorithms},
  author={Kiers, Henk A L},
  journal={Psychometrika},
  volume={62},
  number={2},
  pages={251--266},
  year={1997},
  publisher={Springer}
}

@article{shabalin2013reconstruction,
  title={Reconstruction of a low-rank matrix in the presence of Gaussian noise},
  author={Shabalin, Andrey A and Nobel, Andrew B},
  journal={Journal of Multivariate Analysis},
  volume={118},
  pages={67--76},
  year={2013},
  publisher={Elsevier}
}

@article{gavish2017optimal,
  title={Optimal shrinkage of singular values},
  author={Gavish, Matan and Donoho, David L},
  journal={IEEE Transactions on Information Theory},
  volume={63},
  number={4},
  pages={2137--2152},
  year={2017},
  publisher={IEEE}
}

@article{josse2016adaptive,
  title={Adaptive shrinkage of singular values},
  author={Josse, Julie and Sardy, Sylvain},
  journal={Statistics and Computing},
  volume={26},
  number={3},
  pages={715--724},
  year={2016},
  publisher={Springer}
}

@inproceedings{collins2002generalization,
  title={A generalization of principal components analysis to the exponential family},
  author={Collins, Michael and Dasgupta, Sanjoy and Schapire, Robert E},
  booktitle={Advances in Neural Information Processing Systems},
  pages={617--624},
  year={2002}
}


@inproceedings{lu2015generalized,
  title={Generalized Singular Value Thresholding},
  author={Lu, Canyi and Zhu, Changbo and Xu, Chunyan and Yan, Shuicheng and Lin, Zhouchen},
  booktitle={Twenty-Ninth AAAI Conference on Artificial Intelligence},
  year={2015}
}

@article{fan2001variable,
  title={Variable selection via nonconcave penalized likelihood and its oracle properties},
  author={Fan, Jianqing and Li, Runze},
  journal={Journal of the American Statistical Association},
  volume={96},
  number={456},
  pages={1348--1360},
  year={2001},
  publisher={Taylor \& Francis}
}

@article{armagan2013generalized,
  title={Generalized double {P}areto shrinkage},
  author={Armagan, Artin and Dunson, David B and Lee, Jaeyong},
  journal={Statistica Sinica},
  volume={23},
  number={1},
  pages={119},
  year={2013},
  publisher={NIH Public Access}
}

@article{wold1978cross,
  title={Cross-validatory estimation of the number of components in factor and principal components models},
  author={Wold, Svante},
  journal={Technometrics},
  volume={20},
  number={4},
  pages={397--405},
  year={1978},
  publisher={Taylor \& Francis}
}

@article{bro2008cross,
  title={Cross-validation of component models: {A} critical look at current methods},
  author={Bro, Rasmus and Kjeldahl, Karin and Smilde, Age K and Kiers, Henk A L},
  journal={Analytical and Bioanalytical Chemistry},
  volume={390},
  number={5},
  pages={1241--1251},
  year={2008},
  publisher={Springer}
}

@article{koltchinskii2011nuclear,
  title={Nuclear-norm penalization and optimal rates for noisy low-rank matrix completion},
  author={Koltchinskii, Vladimir and Lounici, Karim and Tsybakov, Alexandre B and others},
  journal={The Annals of Statistics},
  volume={39},
  number={5},
  pages={2302--2329},
  year={2011},
  publisher={Institute of Mathematical Statistics}
}

@article{fu1998penalized,
  title={Penalized regressions: {T}he bridge versus the lasso},
  author={Fu, Wenjiang J},
  journal={Journal of Computational and Graphical Statistics},
  volume={7},
  number={3},
  pages={397--416},
  year={1998},
  publisher={Taylor \& Francis}
}

@article{becker2011templates,
  title={Templates for convex cone problems with applications to sparse signal recovery},
  author={Becker, Stephen R and Cand{\`e}s, Emmanuel J and Grant, Michael C},
  journal={Mathematical Programming Computation},
  volume={3},
  number={3},
  pages={165},
  year={2011},
  publisher={Springer}
}


@article{giacobino2015quantile,
  title={Quantile universal threshold for model selection},
  author={Giacobino, Caroline and Sardy, Sylvain and Diaz-Rodriguez, Jairo and Hengartner, Nick},
  journal={arXiv preprint arXiv:1511.05433},
  year={2015}
}

@book{agresti2013categorical,
  title={Categorical data analysis},
  author={Agresti, Alan},
  year={2013},
  publisher={John Wiley \& Sons}
}

@article{de2006principal,
  title={Principal component analysis of binary data by iterated singular value decomposition},
  author={De Leeuw, Jan},
  journal={Computational Statistics \& Data analysis},
  volume={50},
  number={1},
  pages={21--39},
  year={2006},
  publisher={Elsevier}
}

@incollection{de1994block,
  title={Block-relaxation algorithms in statistics},
  author={De Leeuw, Jan},
  booktitle={Information Systems and Data Analysis},
  pages={308--324},
  year={1994},
  publisher={Springer}
}

@article{song2017principal,
  title={Principal component analysis of binary genomics data},
  author={Song, Yipeng and Westerhuis, Johan A and Aben, Nanne and Michaut, Magali and Wessels, Lodewyk FA and Smilde, Age K},
  journal={Briefings in Bioinformatics},
  year={2017}
}

@article{akbani2015genomic,
  title={Genomic classification of cutaneous melanoma},
  author={Akbani, Rehan and Akdemir, Kadir C and Aksoy, B Arman and Albert, Monique and Ally, Adrian and Amin, Samirkumar B and Arachchi, Harindra and Arora, Arshi and Auman, J Todd and Ayala, Brenda and others},
  journal={Cell},
  volume={161},
  number={7},
  pages={1681--1696},
  year={2015},
  publisher={Elsevier}
}

@article{cancer2014comprehensive,
  title={Comprehensive molecular profiling of lung adenocarcinoma},
  author={Cancer Genome Atlas Research Network and others},
  journal={Nature},
  volume={511},
  number={7511},
  pages={543},
  year={2014},
  publisher={Nature Publishing Group}
}

@article{cancer2012comprehensive,
  title={Comprehensive molecular portraits of human breast tumours},
  author={Cancer Genome Atlas Network and others},
  journal={Nature},
  volume={490},
  number={7418},
  pages={61},
  year={2012},
  publisher={Nature Publishing Group}
}

@article{groenen2016multinomial,
  title={Multinomial multiple correspondence analysis},
  author={Groenen, Patrick JF and Josse, Julie},
  journal={arXiv preprint arXiv:1603.03174},
  year={2016}
}

@article{liu2007support,
  title={Support vector machines with adaptive {$L_q$} penalty},
  author={Liu, Yufeng and Zhang, Hao Helen and Park, Cheolwoo and Ahn, Jeongyoun},
  journal={Computational Statistics \& Data Analysis},
  volume={51},
  number={12},
  pages={6380--6394},
  year={2007},
  publisher={Elsevier}
}

@article{nesterov1998introductory,
  title={Introductory lectures on convex programming volume i: Basic course},
  author={Nesterov, Yurii},
  journal={Lecture Notes},
  year={1998}
}

@book{boyd2004convex,
  title={Convex optimization},
  author={Boyd, Stephen and Vandenberghe, Lieven},
  year={2004},
  publisher={Cambridge University Press}
}

@article{lock2013joint,
  title={Joint and individual variation explained ({JIVE}) for integrated analysis of multiple data types},
  author={Lock, Eric F and Hoadley, Katherine A and Marron, James Stephen and Nobel, Andrew B},
  journal={The Annals of Applied Statistics},
  volume={7},
  number={1},
  pages={523},
  year={2013},
  publisher={NIH Public Access}
}

@article{song2018generalized,
  title={Generalized Simultaneous Component Analysis of Binary and Quantitative data},
  author={Song, Yipeng and Westerhuis, Johan A and Aben, Nanne and Wessels, Lodewyk FA and Groenen, Patrick JF and Smilde, Age K},
  journal={arXiv preprint arXiv:1807.04982},
  year={2018}
}

@article{lofstedt2013global,
  title={Global, local and unique decompositions in {OnPLS} for multiblock data analysis},
  author={L{\"o}fstedt, Tommy and Hoffman, Daniel and Trygg, Johan},
  journal={Analytica Chimica Acta},
  volume={791},
  pages={13--24},
  year={2013},
  publisher={Elsevier}
}

@article{schouteden2014performing,
  title={Performing {DISCO-SCA} to search for distinctive and common information in linked data},
  author={Schouteden, Martijn and Van Deun, Katrijn and Wilderjans, Tom F and Van Mechelen, Iven},
  journal={Behavior Research Methods},
  volume={46},
  number={2},
  pages={576--587},
  year={2014},
  publisher={Springer}
}

@article{maage2012preference,
  title={Preference mapping by {PO-PLS}: Separating common and unique information in several data blocks},
  author={M{\aa}ge, Ingrid and Menichelli, Elena and N{\ae}s, Tormod},
  journal={Food Quality and Preference},
  volume={24},
  number={1},
  pages={8--16},
  year={2012},
  publisher={Elsevier}
}

@article{maage2018performance,
  title={Performance of methods that separate common and distinct variation in multiple data blocks},
  author={M{\aa}ge, Ingrid and Smilde, Age K and van der Kloet, Frans M},
  journal={Journal of Chemometrics},
  pages={e3085},
  year={2018},
  publisher={Wiley Online Library}
}

@article{klami2015group,
  title={Group factor analysis},
  author={Klami, Arto and Virtanen, Seppo and Lepp{\"a}aho, Eemeli and Kaski, Samuel},
  journal={IEEE Transactions on Neural Networks and Learning Systems},
  volume={26},
  number={9},
  pages={2136--2147},
  year={2015},
  publisher={IEEE}
}

@article{gaynanova2017structural,
  title={Structural Learning and Integrative Decomposition of Multi-View Data},
  author={Gaynanova, Irina and Li, Gen},
  journal={arXiv preprint arXiv:1707.06573},
  year={2017}
}

@article{shen2009integrative,
  title={Integrative clustering of multiple genomic data types using a joint latent variable model with application to breast and lung cancer subtype analysis},
  author={Shen, Ronglai and Olshen, Adam B and Ladanyi, Marc},
  journal={Bioinformatics},
  volume={25},
  number={22},
  pages={2906--2912},
  year={2009},
  publisher={Oxford University Press}
}

@article{smilde2017common,
  title={Common and distinct components in data fusion},
  author={Smilde, Age K and M{\aa}ge, Ingrid and Naes, Tormod and Hankemeier, Thomas and Lips, Mirjam Anne and Kiers, Henk AL and Acar, Ervim and Bro, Rasmus},
  journal={Journal of Chemometrics},
  volume={31},
  number={7},
  pages={e2900},
  year={2017},
  publisher={Wiley Online Library}
}

@article{van2011flexible,
  title={A flexible framework for sparse simultaneous component based data integration},
  author={Van Deun, Katrijn and Wilderjans, Tom F and Van den Berg, Robert A and Antoniadis, Anestis and Van Mechelen, Iven},
  journal={BMC Bioinformatics},
  volume={12},
  number={1},
  pages={448},
  year={2011},
  publisher={BioMed Central}
}

@article{perry2009cross,
  title={Cross-validation for unsupervised learning},
  author={Perry, Patrick O},
  journal={arXiv preprint arXiv:0909.3052},
  year={2009}
}

@article{van2016separating,
  title={Separating common from distinctive variation},
  author={van der Kloet, Frans M and Sebasti{\'a}n-Le{\'o}n, Patricia and Conesa, Ana and Smilde, Age K and Westerhuis, Johan A},
  journal={BMC bioinformatics},
  volume={17},
  number={5},
  pages={S195},
  year={2016},
  publisher={BioMed Central}
}

@article{acar2015data,
  title={Data fusion in metabolomics using coupled matrix and tensor factorizations},
  author={Acar, Evrim and Bro, Rasmus and Smilde, Age K},
  journal={Proceedings of the IEEE},
  volume={103},
  number={9},
  pages={1602--1620},
  year={2015},
  publisher={IEEE}
}

@article{meinshausen2006high,
  title={High-dimensional graphs and variable selection with the lasso},
  author={Meinshausen, Nicolai and B{\"u}hlmann, Peter and others},
  journal={The Annals of Statistics},
  volume={34},
  number={3},
  pages={1436--1462},
  year={2006},
  publisher={Institute of Mathematical Statistics}
}

@article{leng2006note,
  title={A note on the lasso and related procedures in model selection},
  author={Leng, Chenlei and Lin, Yi and Wahba, Grace},
  journal={Statistica Sinica},
  pages={1273--1284},
  year={2006},
  publisher={JSTOR}
}

@article{chen2013reduced,
  title={Reduced rank regression via adaptive nuclear norm penalization},
  author={Chen, Kun and Dong, Hongbo and Chan, Kung-Sik},
  journal={Biometrika},
  volume={100},
  number={4},
  pages={901--920},
  year={2013},
  publisher={Oxford University Press}
}

@book{ten1993least,
  title={Least squares optimization in multivariate analysis},
  author={ten Berge, Jos MF},
  year={1993},
  publisher={DSWO Press, Leiden University Leiden}
}

@article{parikh2014proximal,
  title={Proximal algorithms},
  author={Parikh, Neal and Boyd, Stephen and others},
  journal={Foundations and Trends{\textregistered} in Optimization},
  volume={1},
  number={3},
  pages={127--239},
  year={2014},
  publisher={Now Publishers, Inc.}
}

@article{argelaguet2018multi,
  title={Multi-{O}mics {F}actor {A}nalysisâ€”a framework for unsupervised integration of multi-omics data sets},
  author={Argelaguet, Ricard and Velten, Britta and Arnol, Damien and Dietrich, Sascha and Zenz, Thorsten and Marioni, John C and Buettner, Florian and Huber, Wolfgang and Stegle, Oliver},
  journal={Molecular Systems Biology},
  volume={14},
  number={6},
  pages={e8124},
  year={2018},
  publisher={EMBO Press}
}

@article{smilde2008matrix,
  title={Matrix correlations for high-dimensional data: the modified {RV}-coefficient},
  author={Smilde, Age K and Kiers, Henk AL and Bijlsma, Sabina and Rubingh, CM and Van Erk, MJ},
  journal={Bioinformatics},
  volume={25},
  number={3},
  pages={401--405},
  year={2008},
  publisher={Oxford University Press}
}

@article{aben2018itop,
    author = {Aben, Nanne and Westerhuis, Johan A and Song, Yipeng and Kiers, Henk A L and Michaut, Magali and Smilde, Age K and Wessels, Lodewyk F A},
    title = {{iTOP}: {I}nferring the topology of omics data},
    journal = {Bioinformatics},
    volume = {34},
    number = {17},
    pages = {i988-i996},
    year = {2018},
    month = {09},
    issn = {1367-4803},
    doi = {10.1093/bioinformatics/bty636}
}

@article{lee2015learning,
  title={Learning the structure of mixed graphical models},
  author={Lee, Jason D and Hastie, Trevor J},
  journal={Journal of Computational and Graphical Statistics},
  volume={24},
  number={1},
  pages={230--253},
  year={2015},
  publisher={Taylor \& Francis}
}

@article{cheng2017high,
  title={High-dimensional mixed graphical models},
  author={Cheng, Jie and Li, Tianxi and Levina, Elizaveta and Zhu, Ji},
  journal={Journal of Computational and Graphical Statistics},
  volume={26},
  number={2},
  pages={367--378},
  year={2017},
  publisher={Taylor \& Francis}
}

@article{dietrich2018drug,
  title={Drug-perturbation-based stratification of blood cancer},
  author={Dietrich, Sascha and Ole{\'s}, Ma{\l}gorzata and Lu, Junyan and Sellner, Leopold and Anders, Simon and Velten, Britta and Wu, Bian and H{\"u}llein, Jennifer and da Silva Liberio, Michelle and Walther, Tatjana and others},
  journal={The Journal of Clinical Investigation},
  volume={128},
  number={1},
  pages={427--445},
  year={2018},
  publisher={Am Soc Clin Investig}
}

@article{meinshausen2010stability,
  title={Stability selection},
  author={Meinshausen, Nicolai and B{\"u}hlmann, Peter},
  journal={Journal of the Royal Statistical Society: Series B (Statistical Methodology)},
  volume={72},
  number={4},
  pages={417--473},
  year={2010},
  publisher={Wiley Online Library}
}

@article{zimmermann2017integration,
  title={Integration of metabolomics and transcriptomics reveals a complex diet of Mycobacterium tuberculosis during early macrophage infection},
  author={Zimmermann, Michael and Kogadeeva, Maria and Gengenbacher, Martin and McEwen, Gayle and Mollenkopf, Hans-Joachim and Zamboni, Nicola and Kaufmann, Stefan Hugo Ernst and Sauer, Uwe},
  journal={mSystems},
  volume={2},
  number={4},
  pages={e00057--17},
  year={2017},
  publisher={Am Soc Microbiol}
}

@article{steinmetz1999methodology,
  title={A Methodology for sensor fusion design: Application to fruit quality assessment},
  author={Steinmetz, V and Sevila, F and Bellon-Maurel, V},
  journal={Journal of Agricultural Engineering Research},
  volume={74},
  number={1},
  pages={21--31},
  year={1999},
  publisher={Elsevier}
}

@article{doeswijk2011increase,
  title={On the increase of predictive performance with high-level data fusion},
  author={Doeswijk, TG and Smilde, AK and Hageman, JA and Westerhuis, JA and Van Eeuwijk, FA},
  journal={Analytica Chimica Acta},
  volume={705},
  number={1-2},
  pages={41--47},
  year={2011},
  publisher={Elsevier}
}

@Article{Stevens1946,
  author =  {Stevens, S.S.},
  title =   {On the Theory of Scales of Measurement},
  journal = {Science},
  year =    {1946},
  volume =  {103},
  number =  {2684},
  pages =   {677-680},
  month =   {June}
}

@TechReport{Suppes1962,
  author =      {Suppes, P. and Zinnes, J.L.},
  title =       {Basic Measurement Theory},
  institution = {Stanford University},
  year =        {1962},
  type =        {Psychology Series},
  number =      {45},
  address =     {Institute for Mathematical Studies in the Social Sciences},
  month =       {March}
}

@Book{Krantz1971,
  title =     {Foundations of Measurement (Volume I)},
  publisher = {Dover},
  year =      {1971},
  author =    {Krantz, D.H. and Luce, R.D. and Suppes, P. and Tversky, A.}
}

@Article{Narens1981,
  author =    {Narens, L.},
  title =     {On the Scales of Measurement},
  journal =   {Journal of Mathematical Psychology},
  year =      {1981},
  volume =    {24},
  number =    {3},
  pages =     {249--275},
  af =        {NARENS, L},
  doi =       {10.1016/0022-2496(81)90045-6},
  ga =        {NG934},
  j9 =        {J MATH PSYCHOL},
  ji =        {J. Math. Psychol.},
  la =        {English},
  nr =        {6},
  pa =        {525 B ST, STE 1900, SAN DIEGO, CA 92101-4495},
  pg =        {27},
  pi =        {SAN DIEGO},
  publisher = {Academic Press Inc Jnl-comp Subscriptions},
  rp =        {NARENS, L (reprint author), UNIV CALIF IRVINE,SCH SOCIAL SCI,IRVINE,CA 92717, USA.},
  sc =        {Mathematics; Mathematical Methods In Social Sciences; Psychology},
  sn =        {0022-2496},
  tc =        {49},
  u1 =        {0},
  u2 =        {3},
  ut =        {WOS:A1981NG93400003},
  wc =        {Mathematics, Interdisciplinary Applications; Social Sciences,EOLEOLMathematical Methods; Psychology, Mathematical},
  z9 =        {49}
}

@Article{Narens1986,
  author =    {Narens, L. and Luce, R. D.},
  title =     {Measurement - the Theory of Numerical Assignments},
  journal =   {Psychological Bulletin},
  year =      {1986},
  volume =    {99},
  number =    {2},
  pages =     {166--180},
  month =     mar,
  af =        {NARENS, LEOLEOLLUCE, RD},
  c1 =        {HARVARD UNIV,DEPT PSYCHOL & SOCIAL RELAT,WILLIAM JAMES HALL,33 KIRKLAND ST,CAMBRIDGE,MA 02138.EOLEOLUNIV CALIF IRVINE,IRVINE,CA 92717.},
  doi =       {10.1037//0033-2909.99.2.166},
  ga =        {A7476},
  j9 =        {PSYCHOL BULL},
  ji =        {Psychol. Bull.},
  la =        {English},
  nr =        {54},
  pa =        {750 FIRST ST NE, WASHINGTON, DC 20002-4242},
  pg =        {15},
  pi =        {WASHINGTON},
  publisher = {Amer Psychological Assoc},
  sc =        {Psychology},
  sn =        {0033-2909},
  tc =        {50},
  u1 =        {0},
  u2 =        {3},
  ut =        {WOS:A1986A747600002},
  wc =        {Psychology; Psychology, Multidisciplinary},
  z9 =        {50}
}

@Article{Luce1987,
  author =    {Luce, R. D. and Narens, L.},
  title =     {Measurement Scales on the Continuum},
  journal =   {Science},
  year =      {1987},
  volume =    {236},
  number =    {4808},
  pages =     {1527--1532},
  af =        {LUCE, RDEOLEOLNARENS, L},
  c1 =        {UNIV CALIF IRVINE,SOCIAL SCI,IRVINE,CA 92717.},
  doi =       {10.1126/science.236.4808.1527},
  ga =        {H7818},
  j9 =        {SCIENCE},
  ji =        {Science},
  la =        {English},
  nr =        {34},
  pa =        {1200 NEW YORK AVE, NW, WASHINGTON, DC 20005},
  pg =        {6},
  pi =        {WASHINGTON},
  pm =        {17835736},
  publisher = {Amer Assoc Advancement Science},
  rp =        {LUCE, RD (reprint author), HARVARD UNIV,PSYCHOL,CAMBRIDGE,MA 02138, USA.},
  sc =        {Science & Technology - Other Topics},
  sn =        {0036-8075},
  tc =        {22},
  u1 =        {0},
  u2 =        {1},
  ut =        {WOS:A1987H781800020},
  wc =        {Multidisciplinary Sciences},
  z9 =        {22}
}

@Article{Hand1996,
  author =    {Hand, D. J.},
  title =     {Statistics and the theory of measurement},
  journal =   {Journal of the Royal Statistical Society Series A-statistics in Society},
  year =      {1996},
  volume =    {159},
  pages =     {445--473},
  af =        {Hand, DJ},
  de =        {classical measurement; measurement theory; operational measurement;EOLEOLrepresentational measurement; statistical models; transformations},
  doi =       {10.2307/2983326},
  ga =        {VN372},
  j9 =        {J ROY STAT SOC A STA},
  ji =        {J. R. Stat. Soc. Ser. A-Stat. Soc.},
  keywords =  {MEASUREMENT SCALES; CLASSIFICATION; MISCONCEPTION; SYMMETRY},
  la =        {English},
  nr =        {71},
  pa =        {108 COWLEY RD, OXFORD, OXON, ENGLAND OX4 1JF},
  pg =        {29},
  pi =        {OXFORD},
  pn =        {3},
  publisher = {Blackwell Publ Ltd},
  rp =        {Hand, DJ (reprint author), OPEN UNIV,FAC MATH & COMP,DEPT STAT,WALTON HALL,MILTON KEYNES MK7 6AA,BUCKS,ENGLAND.},
  sc =        {Mathematical Methods In Social Sciences; Mathematics},
  sn =        {0035-9238},
  tc =        {77},
  u1 =        {0},
  u2 =        {18},
  ut =        {WOS:A1996VN37200007},
  wc =        {Social Sciences, Mathematical Methods; Statistics & Probability},
  z9 =        {77}
}

@Article{Adams1965,
  author =  {Adams, E.W. and Fagot, R.F. and Robinson, R.E.},
  title =   {A theory of appropriate statistics},
  journal = {Psychometrika},
  year =    {1965},
  volume =  {30},
  number =  {2},
  pages =   {99-127}
}

@Article{Michell1986,
  author =    {Michell, J.},
  title =     {Measurement Scales and Statistics - a Clash of Paradigms},
  journal =   {Psychological Bulletin},
  year =      {1986},
  volume =    {100},
  number =    {3},
  pages =     {398--407},
  af =        {MICHELL, J},
  doi =       {10.1037/0033-2909.100.3.398},
  ga =        {E8415},
  j9 =        {PSYCHOL BULL},
  ji =        {Psychol. Bull.},
  la =        {English},
  nr =        {36},
  pa =        {750 FIRST ST NE, WASHINGTON, DC 20002-4242},
  pg =        {10},
  pi =        {WASHINGTON},
  publisher = {Amer Psychological Assoc},
  rp =        {MICHELL, J (reprint author), UNIV SYDNEY,DEPT PSYCHOL,SYDNEY,NSW 2006,AUSTRALIA.},
  sc =        {Psychology},
  sn =        {0033-2909},
  tc =        {83},
  u1 =        {3},
  u2 =        {16},
  ut =        {WOS:A1986E841500011},
  wc =        {Psychology; Psychology, Multidisciplinary},
  z9 =        {84}
}

% This file was created with JabRef 2.3b2.
% Encoding: Cp1252


@article{mclendon2008comprehensive,
  title={{Comprehensive genomic characterization defines human glioblastoma genes and core pathways}},
  author={Cancer Genome Atlas (TCGA) Research Network and others},
  journal={Nature},
  volume={455},
  number={7216},
  pages={1061--1068},
  year={2008},
  publisher={Nature Publishing Group}
}

@article{wu2014detecting,
	title = {{Detecting independent and recurrent copy number aberrations using interval graphs}},
	volume = {30},
	issn = {1367-4803},
	url = {https://academic.oup.com/bioinformatics/article/30/12/i195/387249/Detecting-independent-and-recurrent-copy-number},
	doi = {10.1093/bioinformatics/btu276},
	number = {12},
	urldate = {2017-07-06},
	journal = {Bioinformatics},
	author = {Wu, Hsin-Ta and Hajirasouliha, Iman and Raphael, Benjamin J.},
	month = jun,
	year = {2014},
	pages = {i195--i203},
	file = {Full Text PDF:C\:\\Users\\YipengSong\\AppData\\Roaming\\Zotero\\Zotero\\Profiles\\ny0ulsyz.default\\zotero\\storage\\BHGI8UDU\\Wu et al. - 2014 - Detecting independent and recurrent copy number ab.pdf:application/pdf;Snapshot:C\:\\Users\\YipengSong\\AppData\\Roaming\\Zotero\\Zotero\\Profiles\\ny0ulsyz.default\\zotero\\storage\\FKIXA6JZ\\387249.html:text/html}
}


@book{jolliffe2002principal,
  title={{Principal component analysis}},
  author={Jolliffe, Ian},
  year={2002},
  publisher={Wiley Online Library}
}


@phdthesis{landgraf2015generalized,
  title={{Generalized principal component analysis: {D}imensionality reduction through the projection of natural parameters}},
  author={Landgraf, Andrew J},
  year={2015},
  school={The Ohio State University}
}

@INPROCEEDINGS{collins2001generalization,
    author = {Collins, Michael and Dasgupta, Sanjoy and Schapire, Robert E.},
    title = {{A generalization of principal component analysis to the exponential family}},
    booktitle = {Advances in Neural Information Processing Systems},
    year = {2001},
    publisher = {MIT Press}
}

@article{de2009gifi,
Author = {de Leeuw, J and Mair, Patrick},
Title = {{Gifi methods for optimal scaling in R: the package homals}},
Journal = {{Journal of Statistical Software}},
Year = {{2009}},
Volume = {{31}},
Number = {{4}},
Pages = {{1-21}},
Month = {{AUG}},
ISSN = {{1548-7660}},
ORCID-Numbers = {{de Leeuw, Jan/0000-0003-1420-1797}},
Unique-ID = {{ISI:000268700700001}},
}

@article{ michailidis1998gifi,
Author = {Michailidis, G and de Leeuw, J},
Title = {{The Gifi system of descriptive multivariate analysis}},
Journal = {{Statistical Science}},
Year = {{1998}},
Volume = {{13}},
Number = {{4}},
Pages = {{307-336}},
Month = {{NOV}},
ISSN = {{0883-4237}},
ORCID-Numbers = {{de Leeuw, Jan/0000-0003-1420-1797}},
Unique-ID = {{ISI:000079189500001}},
}

@book{mori2016nonlinear,
  title={{Nonlinear principal component analysis and its applications}},
  author={Mori, Yuichi and Kuroda, Masahiro and Makino, Naomichi},
  year={2016},
  publisher={Springer}
}

@article{pearson1901lines,
    author = {Pearson, Karl},
    citeulike-article-id = {7915840},
    citeulike-linkout-0 = {http://dx.doi.org/10.1080/14786440109462720},
    doi = {10.1080/14786440109462720},
    journal = {Philosophical Magazine Series 6},
    keywords = {intro, tools},
    number = {11},
    pages = {559--572},
    posted-at = {2010-09-28 12:53:33},
    priority = {2},
    publisher = {Taylor \& Francis},
    title = {{On lines and planes of closest fit to systems of points in space}},
    url = {http://dx.doi.org/10.1080/14786440109462720},
    volume = {2},
    year = {1901}
}


@book{ten1993least,
  title={{Least squares optimization in multivariate analysis}},
  author={ten Berge, Jos MF},
  year={1993},
  publisher={DSWO Press, Leiden University}
}

@article{de2003principal,
  title={{Principal component analysis of binary data. Applications to roll-call analysis}},
  author={de Leeuw, Jan},
  journal={Department of Statistics, UCLA},
  year={2003}
}

@article{udell2016generalized,
  title={{Generalized low rank models}},
  author={Udell, Madeleine and Horn, Corinne and Zadeh, Reza and others},
  journal={Foundations and Trends{\textregistered} in Machine Learning},
  volume={9},
  number={1},
  pages={1--118},
  year={2016},
  publisher={Now Publishers, Inc.}
}

@Article{Bro2008,
author="Bro, R.
and Kjeldahl, K.
and Smilde, A. K.
and others",
title="Cross-validation of component models: {A} critical look at current methods",
journal="Analytical and Bioanalytical Chemistry",
year="2008",
volume="390",
number="5",
pages="1241--1251",
abstract="In regression, cross-validation is an effective and popular approach that is used to decide, for example, the number of underlying features, and to estimate the average prediction error. The basic principle of cross-validation is to leave out part of the data, build a model, and then predict the left-out samples. While such an approach can also be envisioned for component models such as principal component analysis (PCA), most current implementations do not comply with the essential requirement that the predictions should be independent of the entity being predicted. Further, these methods have not been properly reviewed in the literature. In this paper, we review the most commonly used generic PCA cross-validation schemes and assess how well they work in various scenarios.",
issn="1618-2650",
doi="10.1007/s00216-007-1790-1",
url="http://dx.doi.org/10.1007/s00216-007-1790-1"
}

@Manual{RProject,
    title = {{R: {A} language and environment for statistical computing}},
    author = {{R Development Core Team}},
    organization = {R Foundation for Statistical Computing},
    address = {Vienna, Austria},
    year = {2008},
    note = {{ISBN} 3-900051-07-0},
    url = {http://www.R-project.org},
  }

@article{stacklies2007pcamethods,
  title={{pcaMethods--a bioconductor package providing PCA methods for incomplete data}},
  author={Stacklies, Wolfram and Redestig, Henning and Scholz, Matthias and others},
  journal={Bioinformatics},
  volume={23},
  number={9},
  pages={1164--1167},
  year={2007},
  publisher={Oxford University Press}
}

@article{wei2013role,
  title={{The role of balanced training and testing data sets for binary classifiers in bioinformatics}},
  author={Wei, Qiong and Dunbrack Jr, Roland L},
  journal={PloS One},
  volume={8},
  number={7},
  pages={e67863},
  year={2013},
  publisher={Public Library of Science}
}

@article{zou2006sparse,
  title={{Sparse principal component analysis}},
  author={Zou, Hui and Hastie, Trevor and Tibshirani, Robert},
  journal={Journal of Computational and Graphical Statistics},
  volume={15},
  number={2},
  pages={265--286},
  year={2006},
  publisher={Taylor \& Francis}
}

@book{gifi_B_90,
	Address = {New York, N.Y.},
	Author = {A. Gifi},
	Date-Added = {2015-06-10 21:07:06 +0000},
	Date-Modified = {2015-06-10 21:07:06 +0000},
	Note = {This is a publication under a collective pseudonym},
	Publisher = {Wiley},
	Title = {{Nonlinear multivariate analysis}},
	Year = 1990}

@article{lee2010sparse,
  title={Sparse logistic principal components analysis for binary data},
  author={Lee, Seokho and Huang, Jianhua Z and Hu, Jianhua},
  journal={The annals of applied statistics},
  volume={4},
  number={3},
  pages={1579},
  year={2010},
  publisher={NIH Public Access}
}

@article{lee2012sparse,
  title={Sparse Principal Component Analysis for Identifying Ancestry-Informative Markers in Genome-Wide Association Studies},
  author={Lee, Seokho and Epstein, Michael P and Duncan, Richard and Lin, Xihong},
  journal={Genetic epidemiology},
  volume={36},
  number={4},
  pages={293--302},
  year={2012},
  publisher={Wiley Online Library}
}

@article{smilde2008matrix,
  title={Matrix correlations for high-dimensional data: the modified RV-coefficient},
  author={Smilde, Age K and Kiers, Henk A L and Bijlsma, S and Rubingh, CM and Van Erk, MJ},
  journal={Bioinformatics},
  volume={25},
  number={3},
  pages={401--405},
  year={2008},
  publisher={Oxford University Press}
}

@article{smilde2008matrix,
  title={Matrix correlations for high-dimensional data: the modified RV-coefficient},
  author={Smilde, Age K and Kiers, Henk A L and Bijlsma, Sabina and Rubingh, CM and Van Erk, MJ},
  journal={Bioinformatics},
  volume={25},
  number={3},
  pages={401--405},
  year={2008},
  publisher={Oxford University Press}
}

@article{candes2009exact,
  title={Exact matrix completion via convex optimization},
  author={Cand{\`e}s, Emmanuel J and Recht, Benjamin},
  journal={Foundations of Computational Mathematics},
  volume={9},
  number={6},
  pages={717},
  year={2009},
  publisher={Springer}
}

@article{mazumder2010spectral,
  title={Spectral regularization algorithms for learning large incomplete matrices},
  author={Mazumder, Rahul and Hastie, Trevor and Tibshirani, Robert},
  journal={Journal of Machine Learning Research},
  volume={11},
  number={Aug},
  pages={2287--2322},
  year={2010}
}

@book{le2012asymptotics,
  title={Asymptotics in statistics: {S}ome basic concepts},
  author={Le Cam, Lucien and Yang, Grace Lo},
  year={2012},
  publisher={Springer Science and Business Media}
}

@book{gelman2013bayesian,
  title={Bayesian data analysis},
  author={Gelman, Andrew and Stern, Hal S and Carlin, John B and Dunson, David B and Vehtari, Aki and Rubin, Donald B},
  year={2013},
  publisher={Chapman and Hall/CRC}
}

@article{song2019logistic,
  title={Logistic principal component analysis via non-convex singular value thresholding},
  author={Song, Yipeng and Westerhuis, Johan A and Smilde, Age K},
  journal={arXiv preprint arXiv:1902.09486},
  year={2019}
}

@article{huang2012selective,
  title={A selective review of group selection in high-dimensional models},
  author={Huang, Jian and Breheny, Patrick and Ma, Shuangge},
  journal={Statistical Science: {A} Review Journal of The Institute of Mathematical Statistics},
  volume={27},
  number={4},
  year={2012},
  publisher={NIH Public Access}
}

@article{anderson2018xpca,
  title={{XPCA}: {E}xtending {PCA} for a combination of discrete and continuous Variables},
  author={Anderson-Bergman, Clifford and Kolda, Tamara G and Kincher-Winoto, Kina},
  journal={arXiv preprint arXiv:1808.07510},
  year={2018}
}

@book{kiers1989three,
  title={Three-way methods for the analysis of qualitative and quantitative two-way data},
  author={Kiers, Henk AL},
  year={1989},
  publisher={DSWO press Leiden}
}

@article{frazier2018tutorial,
  title={A tutorial on Bayesian optimization},
  author={Frazier, Peter I},
  journal={arXiv preprint arXiv:1807.02811},
  year={2018}
}

@inproceedings{snoek2012practical,
  title={Practical bayesian optimization of machine learning algorithms},
  author={Snoek, Jasper and Larochelle, Hugo and Adams, Ryan P},
  booktitle={Advances in Neural Information Processing Systems},
  pages={2951--2959},
  year={2012}
}

@article{boyd2011distributed,
  title={Distributed optimization and statistical learning via the alternating direction method of multipliers},
  author={Boyd, Stephen and Parikh, Neal and Chu, Eric and Peleato, Borja and Eckstein, Jonathan and others},
  journal={Foundations and Trends{\textregistered} in Machine learning},
  volume={3},
  number={1},
  pages={1--122},
  year={2011},
  publisher={Now Publishers, Inc.}
}

@article{friedman2008sparse,
  title={Sparse inverse covariance estimation with the graphical lasso},
  author={Friedman, Jerome and Hastie, Trevor and Tibshirani, Robert},
  journal={Biostatistics},
  volume={9},
  number={3},
  pages={432--441},
  year={2008},
  publisher={Oxford University Press}
}

@article{witten2009penalized,
  title={A penalized matrix decomposition, with applications to sparse principal components and canonical correlation analysis},
  author={Witten, Daniela M and Tibshirani, Robert and Hastie, Trevor},
  journal={Biostatistics},
  volume={10},
  number={3},
  pages={515--534},
  year={2009},
  publisher={Oxford University Press}
}

@article{tibshirani2005sparsity,
  title={Sparsity and smoothness via the fused lasso},
  author={Tibshirani, Robert and Saunders, Michael and Rosset, Saharon and Zhu, Ji and Knight, Keith},
  journal={Journal of the Royal Statistical Society: Series B (Statistical Methodology)},
  volume={67},
  number={1},
  pages={91--108},
  year={2005},
  publisher={Wiley Online Library}
}

@article{tibshirani1996regression,
  title={Regression shrinkage and selection via the lasso},
  author={Tibshirani, Robert},
  journal={Journal of the Royal Statistical Society: Series B (Methodological)},
  volume={58},
  number={1},
  pages={267--288},
  year={1996},
  publisher={Wiley Online Library}
}

@article{efron2004least,
  title={Least angle regression},
  author={Efron, Bradley and Hastie, Trevor and Johnstone, Iain and Tibshirani, Robert and others},
  journal={The Annals of Statistics},
  volume={32},
  number={2},
  pages={407--499},
  year={2004},
  publisher={Institute of Mathematical Statistics}
}

@article{smilde2005anova,
  title={{ANOVA}-simultaneous component analysis ({ASCA}): a new tool for analyzing designed metabolomics data},
  author={Smilde, Age K and Jansen, Jeroen J and Hoefsloot, Huub CJ and Lamers, Robert-Jan AN and Van Der Greef, Jan and Timmerman, Marieke E},
  journal={Bioinformatics},
  volume={21},
  number={13},
  pages={3043--3048},
  year={2005},
  publisher={Oxford University Press}
}

@article{geladi1986partial,
  title={Partial least-squares regression: a tutorial},
  author={Geladi, Paul and Kowalski, Bruce R},
  journal={Analytica Chimica Acta},
  volume={185},
  pages={1--17},
  year={1986},
  publisher={Elsevier}
}

@article{maage2019performance,
  title={Performance of methods that separate common and distinct variation in multiple data blocks},
  author={M{\aa}ge, Ingrid and Smilde, Age K and van der Kloet, Frans M},
  journal={Journal of Chemometrics},
  volume={33},
  number={1},
  pages={e3085},
  year={2019},
  publisher={Wiley Online Library}
}

@article{kiers2007comparison,
  title={A comparison of various methods for multivariate regression with highly collinear variables},
  author={Kiers, Henk AL and Smilde, Age K},
  journal={Statistical Methods and Applications},
  volume={16},
  number={2},
  pages={193--228},
  year={2007},
  publisher={Springer}
}



